@book{Smirnov:2012gma,
    author = "Smirnov, Vladimir A.",
    title = "{Analytic tools for Feynman integrals}",
    doi = "10.1007/978-3-642-34886-0",
    volume = "250",
    year = "2012"
}

@book{Weinzierl:2022eaz,
    author = "Weinzierl, Stefan",
    title = "{Feynman Integrals. A Comprehensive Treatment for Students and Researchers}",
    eprint = "2201.03593",
    archivePrefix = "arXiv",
    primaryClass = "hep-th",
    reportNumber = "MITP/22-001",
    doi = "10.1007/978-3-030-99558-4",
    isbn = "978-3-030-99557-7, 978-3-030-99560-7, 978-3-030-99558-4",
    publisher = "Springer",
    series = "UNITEXT for Physics",
    year = "2022"
}

@article{Davydychev:2022dcw,
    author = {Davydychev, Andrei I. and Schr\"oder, York},
    title = "{Recursion-free solution for two-loop vacuum integrals with \textquotedblleft{}collinear\textquotedblright{} masses}",
    eprint = "2210.10593",
    archivePrefix = "arXiv",
    primaryClass = "hep-ph",
    doi = "10.1007/JHEP12(2022)047",
    journal = "JHEP",
    volume = "12",
    pages = "047",
    year = "2022"
}

@article{Davydychev:1992mt,
    author = "Davydychev, Andrei I. and Tausk, J. B.",
    title = "{Two loop selfenergy diagrams with different masses and the momentum expansion}",
    reportNumber = "INLO-PUB-11-92",
    doi = "10.1016/0550-3213(93)90338-P",
    journal = "Nucl. Phys. B",
    volume = "397",
    pages = "123--142",
    year = "1993"
}

@article{Fleischer:1994ef,
    author = "Fleischer, J. and Tarasov, O. V.",
    title = "{Calculation of Feynman diagrams from their small momentum expansion}",
    eprint = "hep-ph/9403230",
    archivePrefix = "arXiv",
    reportNumber = "BI-TP-93-78",
    doi = "10.1007/BF01560102",
    journal = "Z. Phys. C",
    volume = "64",
    pages = "413--426",
    year = "1994"
}

@article{Liu:2022chg,
    author = "Liu, Xiao and Ma, Yan-Qing",
    title = "{AMFlow: A Mathematica package for Feynman integrals computation via auxiliary mass flow}",
    eprint = "2201.11669",
    archivePrefix = "arXiv",
    primaryClass = "hep-ph",
    doi = "10.1016/j.cpc.2022.108565",
    journal = "Comput. Phys. Commun.",
    volume = "283",
    pages = "108565",
    year = "2023"
}

@article{Peraro:2019svx,
    author = "Peraro, Tiziano",
    title = "{$\text{FiniteFlow}$: multivariate functional reconstruction using finite fields and dataflow graphs}",
    eprint = "1905.08019",
    archivePrefix = "arXiv",
    primaryClass = "hep-ph",
    reportNumber = "ZU-TH 24/19",
    doi = "10.1007/JHEP07(2019)031",
    journal = "JHEP",
    volume = "07",
    pages = "031",
    year = "2019"
}

@article{Lee:2012cn,
    author = "Lee, R. N.",
    title = "{Presenting LiteRed: a tool for the Loop InTEgrals REDuction}",
    eprint = "1212.2685",
    archivePrefix = "arXiv",
    primaryClass = "hep-ph",
    month = "12",
    year = "2012"
}

@article{Lee:2013mka,
    author = "Lee, Roman N.",
    editor = "Wang, Jianxiong",
    title = "{LiteRed 1.4: a powerful tool for reduction of multiloop integrals}",
    eprint = "1310.1145",
    archivePrefix = "arXiv",
    primaryClass = "hep-ph",
    doi = "10.1088/1742-6596/523/1/012059",
    journal = "J. Phys. Conf. Ser.",
    volume = "523",
    pages = "012059",
    year = "2014"
}
