@book{Byckling:1971ParticleKinematics,
    author = "Byckling, E. and Kajantie, K.",
    title = "Particle Kinematics",
    publisher = "John Wiley \& Sons Ltd",
    address = "London",
    year = "1973"
}
